@article{Chien:2018p2714,
author = {Chien, Alan D and Holmes, Adam A and Otten, Matthew and Umrigar, C J and Sharma, Sandeep and Zimmerman, Paul M},
journal = {J. Phys. Chem. A},
number = {10},
pages = {2714--2722},
title = {{Excited States of Methylene, Polyenes, and Ozone from Heat-Bath Configuration Interaction}},
volume = {122},
year = {2018}
}
@article{Tavan:1986p6602,
author = {Tavan, Paul and Schulten, Klaus},
journal = {J. Chem. Phys.},
number = {11},
pages = {6602--6609},
title = {{The Low-Lying Electronic Excitations in Long Polyenes: A PPP-MRD-CI Study}},
volume = {85},
year = {1986}
}
@article{Tavan:1987p4337,
author = {Tavan, Paul and Schulten, Klaus},
journal = {Phys. Rev. B},
number = {8},
pages = {4337--4358},
title = {{Electronic Excitations in Finite and Infinite Polyenes}},
volume = {36},
year = {1987}
}
@article{Nakayama:1998p157,
author = {Nakayama, Kenichi and Nakano, Haruyuki and Hirao, Kimihiko},
journal = {Int. J. Quantum Chem.},
number = {2},
pages = {157--175},
title = {{Theoretical Study of the $\pi\rightarrow\pi^*$ Excited States of Linear Polyenes: The Energy Gap between $1{}^1B_u^+$ and $2{}^11A_g^-$ States and Their Character}},
volume = {66},
year = {1998}
}
@article{Davidson:1996p6161,
author = {Davidson, Ernest R},
journal = {J. Phys. Chem.},
number = {15},
pages = {6161--6166},
title = {{The Spatial Extent of the V State of Ethylene and Its Relation to Dynamic Correlation in the Cope Rearrangement}},
volume = {100},
year = {1996}
}
@article{Watts:1998p6979,
author = {Watts, John D and Gwaltney, Steven R and Bartlett, Rodney J},
journal = {J. Chem. Phys.},
number = {16},
pages = {6979--6988},
title = {{Coupled-Cluster Calculations of the Excitation Energies of Ethylene, Butadiene, and Cyclopentadiene}},
volume = {105},
year = {1998}
}
@article{Muller:1999p7176,
author = {M{\"{u}}ller, Thomas and Dallos, Michal and Lischka, Hans},
journal = {J. Chem. Phys.},
number = {15},
pages = {7176--7184},
title = {{The Ethylene $1{}^1B_{1u}$ V State Revisited}},
volume = {110},
year = {1999}
}
@article{Li:1999p177,
author = {Li, Xiangzhu and Paldus, J},
journal = {Int. J. Quantum Chem.},
number = {2},
pages = {177--192},
title = {{Size Dependence of the $X{}^1A_g\rightarrow 1{}^1B_u$ Excitation Energy in Linear Polyenes}},
volume = {74},
year = {1999}
}
@article{Starcke:2006p39,
author = {Starcke, Jan Hendrik and Wormit, Michael and Schirmer, J and Dreuw, Andreas},
journal = {Chem. Phys.},
number = {1-3},
pages = {39--49},
title = {{How Much Double Excitation Character do the Lowest Excited States of Linear Polyenes Have?}},
volume = {329},
year = {2006}
}
@article{Kurashige:2004p425,
author = {Kurashige, Yuki and Nakano, Haruyuki and Nakao, Yoshihide and Hirao, Kimihiko},
journal = {Chem. Phys. Lett.},
number = {4-6},
pages = {425--429},
title = {{The $\pi\rightarrow \pi^*$ Excited States of Long Linear Polyenes Studied by the CASCI-MRMP Method}},
volume = {400},
year = {2004}
}
@article{Ghosh:2008p144117,
author = {Ghosh, Debashree and Hachmann, Johannes and Yanai, Takeshi and Chan, Garnet Kin-Lic},
journal = {J. Chem. Phys.},
number = {14},
pages = {144117},
title = {{Orbital Optimization in the Density Matrix Renormalization Group, with Applications to Polyenes and $\beta$-Carotene}},
volume = {128},
year = {2008}
}
@article{Sokolov:2017p244102,
author = {Sokolov, Alexander Yu and Guo, Sheng and Ronca, Enrico and Chan, Garnet Kin-Lic},
journal = {J. Chem. Phys.},
pages = {244102},
title = {{Time-Dependent N-Electron Valence Perturbation Theory with Matrix Product State Reference Wavefunctions for Large Active Spaces and Basis Sets: Applications to the Chromium Dimer and All-Trans Polyenes}},
volume = {146},
year = {2017}
}
@article{Schreiber:2008p134110,
author = {Schreiber, Marko and Silva-Junior, Mario R and Sauer, Stephan P A and Thiel, Walter},
journal = {J. Chem. Phys.},
number = {13},
pages = {134110},
title = {{Benchmarks for Electronically Excited States: CASPT2, CC2, CCSD, and CC3}},
volume = {128},
year = {2008}
}
@article{Zgid:2009p194107,
author = {Zgid, Dominika and Ghosh, Debashree and Neuscamman, Eric and Chan, Garnet Kin-Lic},
journal = {J. Chem. Phys.},
number = {19},
pages = {194107},
title = {{A Study of Cumulant Approximations to N-Electron Valence Multireference Perturbation Theory}},
volume = {130},
year = {2009}
}
@article{Angeli:2010p2436,
author = {Angeli, Celestino},
journal = {Int. J. Quantum Chem.},
number = {13},
pages = {2436--2447},
title = {{An Analysis of the Dynamic $\sigma$ Polarization in the V State of Ethene}},
volume = {110},
year = {2010}
}
@article{Watson:2012p4013,
author = {Watson, Mark A and Chan, Garnet Kin-Lic},
journal = {J. Chem. Theory Comput.},
number = {11},
pages = {4013--4018},
title = {{Excited States of Butadiene to Chemical Accuracy: Reconciling Theory and Experiment}},
volume = {8},
year = {2012}
}
@article{Zimmerman:2017p4712,
author = {Zimmerman, Paul M},
journal = {J. Phys. Chem. A},
number = {24},
pages = {4712--4720},
title = {{Singlet-Triplet Gaps through Incremental Full Configuration Interaction}},
volume = {121},
year = {2017}
}
@article{Matthews:2016p124102,
author = {Matthews, Devin A and Stanton, John F},
journal = {J. Chem. Phys.},
number = {12},
pages = {124102},
title = {{A New Approach to Approximate Equation-of-Motion Coupled Cluster with Triple Excitations}},
volume = {145},
year = {2016}
}
@article{Koch:1998p1808,
author = {Koch, Henrik and Christiansen, Ove and J{\o}rgensen, Poul and de Mer{\'{a}}s, Alfredo M Sanchez and Helgaker, Trygve},
journal = {J. Chem. Phys.},
number = {5},
pages = {1808--1818},
title = {{The CC3 Model: An Iterative Coupled Cluster Approach Including Connected Triples}},
volume = {106},
year = {1998}
}
@article{Hirata:2000p255,
author = {Hirata, So and Nooijen, Marcel and Bartlett, Rodney J},
journal = {Chem. Phys. Lett.},
number = {3-4},
pages = {255--262},
title = {{High-Order Determinantal Equation-of-Motion Coupled-Cluster Calculations for Electronic Excited States}},
volume = {326},
year = {2000}
}
@article{Zobel:2017p1482,
author = {Zobel, J. Patrick and Nogueira, Juan J and Gonz{\'{a}}lez, Leticia},
journal = {Chem. Sci.},
number = {2},
pages = {1482--1499},
title = {{The IPEA Dilemma in CASPT2}},
volume = {8},
year = {2017}
}
@article{Andersson:1992p1218,
author = {Andersson, Kerstin and Malmqvist, Per‐{\AA}ke and Roos, Bj{\"{o}}rn O},
journal = {J. Chem. Phys.},
number = {2},
pages = {1218--1226},
title = {{Second‐Order Perturbation Theory with a Complete Active Space Self‐Consistent Field Reference Function}},
volume = {96},
year = {1992}
}
