@article{Bozkaya:2012p204114,
author = {Bozkaya, Uğur and Schaefer, Henry F},
journal = {J. Chem. Phys.},
number = {20},
pages = {204114},
publisher = {AIP Publishing},
title = {{Symmetric and Asymmetric Triple Excitation Corrections for the Orbital-Optimized Coupled-Cluster Doubles Method}},
volume = {136},
year = {2012}
}
@article{Knowles:2010p224106,
author = {Knowles, Peter J and Cooper, Bridgette},
journal = {J. Chem. Phys.},
number = {22},
pages = {224106},
title = {{A Linked Electron Pair Functional}},
volume = {133},
year = {2010}
}
@article{Bozkaya:2013p154105,
author = {Bozkaya, Uğur},
isbn = {doi:10.1063/1.4825041},
journal = {J. Chem. Phys.},
number = {15},
pages = {154105},
publisher = {AIP Publishing},
title = {{The Extended Koopmans' Theorem for Orbital-Optimized Methods}},
volume = {139},
year = {2013}
}
@article{Bozkaya:2014pX,
author = {Bozkaya, Uğur},
journal = {J. Chem. Theory Comput.},
publisher = {American Chemical Society},
title = {{Accurate Electron Affinities from the Extended Koopmans' Theorem Based on Orbital-Optimized Methods}},
year = {2014}
}
@article{Soydas:2014p1073,
author = {Soydaş, Emine and Bozkaya, Uğur},
journal = {J. Comput. Chem.},
number = {14},
pages = {1073--1081},
title = {{Assessment of the Orbital-Optimized Coupled-Electron Pair Theory for Thermochemistry and Kinetics: Improving on CCSD and CEPA(1)}},
volume = {35},
year = {2014}
}
@article{Woon:1995p4572,
author = {Woon, David E and Dunning, Thom H},
journal = {J. Chem. Phys.},
number = {11},
pages = {4572--4585},
title = {{Gaussian Basis Sets for Use in Correlated Colecular Calculations V: Core-Valence Basis Sets for Noron through Neon}},
volume = {103},
year = {1995}
}
@article{Kendall:1992p6796,
author = {Kendall, Rick A and Dunning, Thom H and Harrison, Robert J},
journal = {J. Chem. Phys.},
number = {9},
pages = {6796--6806},
title = {{Electron Affinities of the First-row Atoms Revisited: Systematic Basis Sets and Wave Functions}},
volume = {96},
year = {1992}
}
@article{Dunning:1989p1007,
author = {Dunning, Thom H},
journal = {J. Chem. Phys.},
number = {2},
pages = {1007--1023},
title = {{Gaussian Basis Dets for Use in Correlated Molecular Calculations I: The Atoms Boron through Neon and Hydrogen}},
volume = {90},
year = {1989}
}
@article{Beran:2003p2488,
author = {Beran, Gregory J O and Gwaltney, Steven R and Head-Gordon, Martin},
journal = {Phys. Chem. Chem. Phys.},
language = {en},
number = {12},
pages = {2488},
publisher = {Royal Society of Chemistry},
title = {{Approaching Closed-shell Accuracy for Radicals Using Coupled Cluster Theory with Perturbative Triple Substitutions}},
volume = {5},
year = {2003}
}
@article{Lochan:2007p164101,
author = {Lochan, Rohini C and Head-Gordon, Martin},
journal = {J. Chem. Phys.},
number = {16},
pages = {164101--164111},
title = {{Orbital-optimized Opposite-spin Scaled Second-order Correlation: An Economical Method to Improve the Description of Open-shell Molecules}},
volume = {126},
year = {2007}
}
@article{Pedersen:2001p6983,
author = {Pedersen, Thomas Bondo and Fern{\'{a}}ndez, Berta and Koch, Henrik},
journal = {J. Chem. Phys.},
number = {16},
pages = {6983--6993},
title = {{Gauge Invariant Coupled Cluster Response Theory using Optimized Nonorthogonal Orbitals}},
volume = {114},
year = {2001}
}
@article{Kurlancheek:2009p1223,
author = {Kurlancheek, Westin and Head-Gordon, Martin},
journal = {Mol. Phys.},
number = {8-12},
pages = {1223--1232},
title = {{Violations of N-representability from Spin-unrestricted Orbitals in M{\o}ller-Plesset Perturbation Theory and Related Double-hybrid Density Functional Theory}},
volume = {107},
year = {2009}
}
@article{Byrd:2001p9736,
author = {Byrd, Edward F C and Sherrill, C David and Head-Gordon, Martin},
journal = {J. Phys. Chem. A},
number = {42},
pages = {9736--9747},
title = {{The Theoretical Prediction of Molecular Radical Species: A Systematic Study of Equilibrium Geometries and Harmonic Vibrational Frequencies}},
volume = {105},
year = {2001}
}
@article{Pedersen:1999p8318,
author = {Pedersen, Thomas Bondo and Koch, Henrik and H{\"{a}}ttig, Christof},
journal = {J. Chem. Phys.},
number = {17},
pages = {8318--8327},
title = {{Gauge Invariant Coupled Cluster Response Theory}},
volume = {110},
year = {1999}
}
@article{Bozkaya:2011p224103,
author = {Bozkaya, Uğur},
journal = {J. Chem. Phys.},
number = {22},
pages = {224103},
title = {{Orbital-Optimized Third-Order M{\o}ller–Plesset Perturbation Theory and Its Spin-Component and Spin-Opposite Scaled Variants}},
volume = {135},
year = {2011}
}
@article{Kutzelnigg:2004p7350,
author = {Kutzelnigg, Werner and Mukherjee, Debashis},
journal = {J. Chem. Phys.},
number = {16},
pages = {7350--7368},
title = {{Irreducible Brillouin Conditions and Contracted Schr{\"{o}}dinger Equations for n-Electron Systems IV: Perturbative Analysis}},
volume = {120},
year = {2004}
}
@article{Verstichel:2010p114113,
author = {Verstichel, Brecht and van Aggelen, Helen and {Van Neck}, Dimitri and Ayers, Paul W and Bultinck, Patrick},
journal = {J. Chem. Phys.},
number = {11},
pages = {114113},
publisher = {AIP Publishing},
title = {{Subsystem Constraints in Variational Second Order Density Matrix Optimization: Curing the Dissociative Behavior}},
volume = {132},
year = {2010}
}
@article{Nakata:2009p042109,
author = {Nakata, Maho and Yasuda, Koji},
journal = {Phys. Rev. A},
number = {4},
pages = {42109},
title = {{Size Extensivity of the Variational Reduced-Density-Matrix Method}},
volume = {80},
year = {2009}
}
@article{Neese:2009p114108,
author = {Neese, Frank and Wennmohs, Frank and Hansen, Andreas},
journal = {J. Chem. Phys.},
number = {11},
pages = {114108},
title = {{Efficient and Accurate Local Approximations to Coupled-Electron Pair Approaches: An Attempt to Revive the Pair Natural Orbital Method}},
volume = {130},
year = {2009}
}
@article{vanAggelen:2010p114112,
author = {van Aggelen, Helen and Verstichel, Brecht and Bultinck, Patrick and {Van Neck}, Dimitri and Ayers, Paul W and Cooper, David L},
journal = {J. Chem. Phys.},
number = {11},
pages = {114112},
title = {{Chemical Verification of Variational Second-Order Density Matrix Based Potential Energy Surfaces for the Nitrogen Molecule Isoelectronic Series}},
volume = {132},
year = {2010}
}
@article{Wasilewski:1988p1289,
author = {Wasilewski, Jan and Staemmler, Volker and Koch, Sigurd},
journal = {Phys. Rev. A},
number = {3},
pages = {1289--1299},
title = {{Coupled-Electron-Pair Approximation Calculations on Open-Shell Molecules: The Two Lowest States of HeNe Cation}},
volume = {38},
year = {1988}
}
@article{Bartlett:2007p291,
author = {Bartlett, Rodney J and Musia{\l}, Monika},
journal = {Rev. Mod. Phys.},
number = {1},
pages = {291--352},
title = {{Coupled-cluster theory in quantum chemistry}},
volume = {79},
year = {2007}
}
@article{Mazziotti:2008p253002,
author = {Mazziotti, David A},
journal = {Phys. Rev. Lett.},
number = {25},
pages = {253002},
title = {{Parametrization of the Two-Electron Reduced Density Matrix for its Direct Calculation without the Many-Electron Wave Function}},
volume = {101},
year = {2008}
}
@article{DePrince:2012p1917,
author = {DePrince, A Eugene and Mazziotti, David A},
journal = {Mol. Phys.},
number = {15-16},
pages = {1917--1925},
publisher = {Taylor {&} Francis},
title = {{Connection of an Elementary Class of Parametric Two-Electron Reduced-Density-Matrix Methods to the Coupled Electron-Pair Approximations}},
volume = {110},
year = {2012}
}
@article{Gelus:1970p503,
author = {Gelus, Maurice and Ahlrichs, Reinhart and Staemmler, Volker and Kutzelnigg, Werner},
journal = {Chem. Phys. Lett.},
number = {5},
pages = {503--505},
title = {{Origin of the Dimerization Energy of Borane to Diborane}},
volume = {7},
year = {1970}
}
@article{Ahlrichs:1975p1235,
author = {Ahlrichs, Reinhart and Driessler, Frank and Lischka, Hans and Staemmler, Volker and Kutzelnigg, Werner},
journal = {J. Chem. Phys.},
pages = {1235--1247},
title = {{PNO-CI and CEPA-PNO Calculations of Molecular Systems II}},
volume = {62},
year = {1975}
}
@article{Mazziotti:1998p419,
author = {Mazziotti, David A},
journal = {Chem. Phys. Lett.},
number = {5-6},
pages = {419--427},
title = {{Approximate Solution for Electron Correlation Through the Use of Schwinger Probes}},
volume = {289},
year = {1998}
}
@article{Kong:2011p3541,
author = {Kong, Liguo},
journal = {Int. J. Quantum Chem.},
number = {14},
pages = {3541--3547},
publisher = {Wiley Online Library},
title = {{Extension of the Cumulant Definition for Low Particle Number Systems}},
volume = {111},
year = {2011}
}
@article{Kollmar:1977p3583,
author = {Kollmar, Herbert and Staemmler, Volker},
journal = {J. Am. Chem. Soc.},
number = {11},
pages = {3583--3587},
publisher = {American Chemical Society},
title = {{A Theoretical Study of the Structure of Cyclobutadiene}},
volume = {99},
year = {1977}
}
@article{Mazziotti:1998p4219,
author = {Mazziotti, David A},
journal = {Phys. Rev. A},
number = {6},
pages = {4219--4234},
title = {{Contracted Schr{\"{o}}dinger Equation: Determining Quantum Energies and Two-Particle Density Matrices Without Wave Functions}},
volume = {57},
year = {1998}
}
@article{Herbert:2007p261,
author = {Herbert, John M and Harriman, John E},
journal = {Adv. Chem. Phys.},
pages = {261--292},
publisher = {JOHN WILEY {&} SONS LTD},
title = {{Cumulants, Extensivity, and the Connected Formulation of the Contracted Schrodinger Equation}},
volume = {134},
year = {2007}
}
@article{Mazziotti:2010p062515,
author = {Mazziotti, David A},
journal = {Phys. Rev. A},
number = {6},
pages = {62515},
title = {{Parametrization of the Two-Electron Reduced Density Matrix for Its Direct Calculation Without the Many-Electron Wave Function: Generalizations and Applications}},
volume = {81},
year = {2010}
}
@article{Crawford:2000p33,
author = {Crawford, T Daniel and Schaefer, Henry F},
journal = {Rev. Comp. Chem.},
pages = {33--136},
title = {{An Introduction to Coupled Cluster Theory for Computational Chemists}},
volume = {14},
year = {2000}
}
@article{Kutzelnigg:1997p432,
author = {Kutzelnigg, Werner and Mukherjee, Debashis},
journal = {J. Chem. Phys.},
number = {2},
pages = {432--449},
title = {{Normal Order and Extended Wick Theorem for a Multiconfiguration Reference Wave Function}},
volume = {107},
year = {1997}
}
@article{Staemmler:1972p187,
author = {Staemmler, Volker and Jungen, Martin},
journal = {Chem. Phys. Lett.},
number = {1},
pages = {187--191},
publisher = {Elsevier},
title = {{Ab Initio Calculations of Small Hydrides Including Electron Correlation: The Two Lowest States of the Boron Dihydride Radical}},
volume = {16},
year = {1972}
}
@article{Bartlett:1978p561,
author = {Bartlett, Rodney J and Purvis, George D},
journal = {Int. J. Quantum Chem.},
number = {5},
pages = {561--581},
publisher = {John Wiley & Sons, Inc.},
title = {{Many-Body Perturbation Theory, Coupled-Pair Many-Electron Theory, and the Importance of Quadruple Excitations for the Correlation Problem}},
volume = {14},
year = {1978}
}
@article{Zipse:2006p163,
author = {Zipse, Hendrik},
journal = {Top. Curr. Chem.},
number = {February},
pages = {163--189},
title = {{Radical Stability - A Theoretical Perspective}},
volume = {263},
year = {2006}
}
@article{Zhao:2005p43,
author = {Zhao, Yan and Lynch, Benjamin J and Truhlar, Donald G},
journal = {Phys. Chem. Chem. Phys.},
language = {en},
number = {1},
pages = {43--52},
publisher = {Royal Society of Chemistry},
title = {{Multi-Coefficient Extrapolated Density Functional Theory for Thermochemistry and Thermochemical Kinetics}},
volume = {7},
year = {2005}
}
@article{Kollmar:2011p084102,
author = {Kollmar, Christian and Neese, Frank},
journal = {J. Chem. Phys.},
number = {8},
pages = {84102},
title = {{An Orbital-invariant and Strictly Size Extensive Post-Hartree-Fock Correlation Functional}},
volume = {135},
year = {2011}
}
@article{Kollmar:2010p311,
author = {Kollmar, Christian and He{\ss}elmann, Andreas},
journal = {Theor. Chem. Acc.},
number = {4},
pages = {311--325},
title = {{The Role of Orbital Transformations in Coupled-Pair Functionals}},
volume = {127},
year = {2010}
}
@article{Zhang:1994p377,
author = {Zhang, Zhengyu and Kuo, Szu Cherng and Klemm, R Bruce and Monks, Paul S and Stief, Louis J},
journal = {Chem. Phys. Lett.},
number = {4},
pages = {377--382},
title = {{A Discharge Flow-Photoionization Mass Spectrometric Study of the FO Radical: Photoionization Efficiency Spectrum and Ionization}},
volume = {229},
year = {1994}
}
@article{Turney:2012p556,
author = {Turney, Justin M and Simmonett, Andrew C and Parrish, Robert M and Hohenstein, Edward G and Evangelista, Francesco A and Fermann, Justin T and Mintz, Benjamin J and Burns, Lori A and Wilke, Jeremiah J and Abrams, Micah L and Russ, Nicholas J and Leininger, Matthew L and Janssen, Curtis L and Seidl, Edward T and Allen, Wesley D and Schaefer, Henry F and King, Rollin A and Valeev, Edward F and Sherrill, C David and Crawford, T Daniel},
journal = {WIREs Comput. Mol. Sci.},
number = {4},
pages = {556--565},
title = {{Psi4: An Open-Source Ab Initio Electronic Structure Program}},
volume = {2},
year = {2012}
}
@article{Soydas:2013p1452,
author = {Soydaş, Emine and Bozkaya, Uğur},
journal = {J. Chem. Theory Comput.},
language = {EN},
number = {3},
pages = {1452--1460},
publisher = {American Chemical Society},
title = {{Assessment of Orbital-Optimized Third-Order M{\o}ller–Plesset Perturbation Theory and Its Spin-Component and Spin-Opposite Scaled Variants for Thermochemistry and Kinetics}},
volume = {9},
year = {2013}
}
@article{Rezac:2013p2151,
author = {Řez{\'{a}}{\v{c}}, Jan and Hobza, Pavel},
journal = {J. Chem. Theory Comput.},
number = {5},
pages = {2151--2155},
publisher = {American Chemical Society},
title = {{Describing Noncovalent Interactions beyond the Common Approximations: How Accurate Is the “Gold Standard,” CCSD(T) at the Complete Basis Set Limit?}},
volume = {9},
year = {2013}
}
@article{Mazziotti:2004p213001,
author = {Mazziotti, David A},
journal = {Phys. Rev. Lett.},
number = {21},
pages = {213001},
title = {{Realization of Quantum Chemistry without Wave Functions through First-Order Semidefinite Programming}},
volume = {93},
year = {2004}
}
@article{Mazziotti:2002p062511,
author = {Mazziotti, David A},
journal = {Phys. Rev. A},
number = {6},
pages = {062511},
title = {{Variational Minimization of Atomic and Molecular Ground-state Energies Via the Two-particle Reduced Density Matrix}},
volume = {65},
year = {2002}
}
@article{Nakata:2001p8282,
author = {Nakata, Maho and Nakatsuji, Hiroshi and Ehara, Masahiro and Fukuda, Mitsuhiro and Nakata, Kazuhide and Fujisawa, Katsuki},
journal = {J. Chem. Phys.},
number = {19},
pages = {8282--8292},
title = {{Variational Calculations of Fermion Second-Order Reduced Density Matrices by Semidefinite Programming Algorithm}},
volume = {114},
year = {2001}
}
@article{Garrod:1975p868,
author = {Garrod, Claude and Mihailovi{\'{c}}, Miodrag V and Rosina, Mitja},
journal = {J. Math. Phys.},
number = {4},
pages = {868--874},
title = {{The Variational Approach to the Two-body Density Matrix}},
volume = {16},
year = {1975}
}
@article{VanAggelen:2009p5558,
author = {{Van Aggelen}, Helen and Bultinck, Patrick and Verstichel, Brecht and {Van Neck}, Dimitri and Ayers, Paul W},
journal = {Phys. Chem. Chem. Phys.},
language = {en},
number = {27},
pages = {5558--5560},
publisher = {Royal Society of Chemistry},
title = {{Incorrect Diatomic Dissociation in Variational Reduced Density Matrix Theory Arises From the Flawed Description of Fractionally Charged Atoms}},
volume = {11},
year = {2009}
}
@article{Mazziotti:2011p083001,
author = {Mazziotti, David A},
journal = {Phys. Rev. Lett.},
number = {8},
pages = {083001},
title = {{Large-Scale Semidefinite Programming for Many-Electron Quantum Mechanics}},
volume = {106},
year = {2011}
}
@article{Malrieu:2010p179,
author = {Malrieu, Jean Paul and Zhang, Hongjiang and Ma, Jing},
journal = {Chem. Phys. Lett.},
number = {1-3},
pages = {179--184},
publisher = {Elsevier B.V.},
title = {{Ability of a Coupled Electron Pair Approximation to Treat Single Bond Breakings}},
volume = {493},
year = {2010}
}
@article{Daudey:1993p1240,
author = {Daudey, Jean Pierre and Heully, Jean Louis and Malrieu, Jean Paul},
journal = {J. Chem. Phys.},
number = {2},
pages = {1240--1254},
title = {{Size-Consistent Self-Consistent Truncated or Selected Configuration Interaction}},
volume = {99},
year = {1993}
}
@article{Hampel:1992p1,
author = {Hampel, Claudia and Peterson, Kirk A and Werner, Hans-Joachim},
journal = {Chem. Phys. Lett.},
number = {1},
pages = {1--12},
title = {{A Comparison of the Efficiency and Accuracy of the Quadratic Configuration Interaction, Coupled Cluster, and Brueckner Coupled Cluster Methods}},
volume = {190},
year = {1992}
}
@article{Evangelista:2011p224102,
author = {Evangelista, Francesco A},
journal = {J. Chem. Phys.},
number = {22},
pages = {224102},
title = {{Alternative Single-reference Coupled Cluster Approaches for Multireference Problems: The Simpler, the Better}},
volume = {134},
year = {2011}
}
@article{Taube:2009p1441122,
author = {Taube, Andrew G and Bartlett, Rodney J},
journal = {J. Chem. Phys.},
number = {14},
pages = {144112},
title = {{Rethinking Linearized Coupled-Cluster Theory}},
volume = {130},
year = {2009}
}
@article{Chattopadhyay:2002p426,
author = {Chattopadhyay, Sudip and {Sinha Mahapatra}, Uttam and Datta, Barnali and Mukherjee, Debashis},
journal = {Chem. Phys. Lett.},
number = {5-6},
pages = {426--433},
title = {{State-Specific Multi-Reference Coupled Electron-Pair Approximation Like Methods: Formulation and Molecular Applications}},
volume = {357},
year = {2002}
}
@article{Meller:2003p2029,
author = {Meller, Jaroslaw and Malrieu, Jean Paul and Heully, Jean Louis},
journal = {Mol. Phys.},
number = {13},
pages = {2029--2041},
publisher = {Taylor & Francis},
title = {{Size-Consistent Multireference Configuration Interaction Method Through the Dressing of the Norm of Determinants}},
volume = {101},
year = {2003}
}
@article{Ruttink:2005p2497,
author = {Ruttink, Paul J A and van Lenthe, Joop H and Todorov, Petar},
journal = {Mol. Phys.},
number = {18},
pages = {2497--2506},
publisher = {Taylor & Francis},
title = {{Multireference Coupled Electron-Pair Approximations to the Multireference Coupled Cluster Method: The MR-CEPA1 Method}},
volume = {103},
year = {2005}
}
@article{Meyer:1973p1017,
author = {Meyer, Wilfried},
journal = {J. Chem. Phys.},
number = {3},
pages = {1017--1035},
title = {{PNO-CI Studies of Electron Correlation Effects I: Configuration Expansion by Means of Nonorthogonal Orbitals, and Application to the Ground State and Ionized States of Methane}},
volume = {58},
year = {1973}
}
@article{Szalay:1995p281,
author = {Szalay, P{\'{e}}ter G and Nooijen, Marcel and Bartlett, Rodney J},
journal = {J. Chem. Phys.},
number = {1},
pages = {281--298},
title = {{Alternative Ansätze in Single Reference Coupled-Cluster Theory III: A Critical Analysis of Different Methods}},
volume = {103},
year = {1995}
}
@article{Nooijen:2006p25,
author = {Nooijen, Marcel and {Le Roy}, Robert J},
journal = {J. Mol. Struct.},
number = {1-3},
pages = {25--43},
title = {{Orbital Invariant Single-Reference Coupled Electron Pair Approximation with Extensive Renormalized Triples Correction}},
volume = {768},
year = {2006}
}
@article{Fulde:1992p4185,
author = {Fulde, Peter and Stoll, Hermann},
journal = {J. Chem. Phys.},
number = {6},
pages = {4185--4187},
title = {{On the Coupled‐Electron‐Pair Approximation Based on a Multireference State}},
volume = {97},
year = {1992}
}
@article{Fink:1993p129,
author = {Fink, Reinhold and Staemmler, Volker},
journal = {Theor. Chim. Acta},
number = {1-2},
pages = {129--145},
title = {{A Multi-Configuration Reference CEPA Method Based on Pair Natural Orbitals}},
volume = {87},
year = {1993}
}
@article{Kelly:1963p2091,
author = {Kelly, Hugh P and Sessler, Andrew M},
journal = {Phys. Rev.},
number = {5},
pages = {2091--2095},
title = {{Correlation Effects in Many-Fermion Systems: Multiple-Particle Excitation Expansion}},
volume = {132},
year = {1963}
}
@article{Bartlett:1981p359,
author = {Bartlett, Rodney J},
journal = {Annu. Rev. Phys. Chem.},
language = {en},
number = {1},
pages = {359--401},
publisher = {Annual Reviews 4139 El Camino Way, P.O. Box 10139, Palo Alto, CA 94303-0139, USA},
title = {{Many-Body Perturbation Theory and Coupled Cluster Theory for Electron Correlation in Molecules}},
volume = {32},
year = {1981}
}
@article{Pople:1976p1,
author = {Pople, John A and Binkley, J Stephen and Seeger, Rolf},
journal = {Int. J. Quantum Chem.},
number = {S10},
pages = {1--19},
title = {{Theoretical Models Incorporating Electron Correlation}},
volume = {10},
year = {1976}
}
@article{Trickl:1989p6006,
author = {Trickl, Thomas and Cromwell, Evan F and Lee, Yuan T and Kung, A H},
isbn = {doi:10.1063/1.457417},
journal = {J. Chem. Phys.},
number = {10},
pages = {6006--6012},
publisher = {AIP Publishing},
title = {{State-Selective Ionization of Nitrogen in the Ground-State v=0 and v=1 States by Two-Color (1+ 1) Photon Excitation Near Threshold}},
volume = {91},
year = {1989}
}
@article{Hansel:1998p1748,
author = {Hansel, Armin and Scheiring, Ch and Glantschnig, M and Lindinger, Werner and Ferguson, E E},
journal = {J. Chem. Phys.},
number = {5},
pages = {1748--1750},
publisher = {AIP Publishing},
title = {{Thermochemistry of HNC, HNC Cation, and Fluoromethylidyne Cation}},
volume = {109},
year = {1998}
}
@article{Kutzelnigg:1963p327,
author = {Kutzelnigg, Werner},
journal = {Theor. Chim. Acta},
number = {4},
pages = {327--342},
title = {{Die L{\"{o}}sung des Quantenmechanischen Zwei-Elektronenproblems durch Unmittelbare Bestimmung der Nat{\"{u}}rlichen Einelektronenfunktionen}},
volume = {1},
year = {1963}
}
@article{Neese:2009p641,
author = {Neese, Frank and Hansen, Andreas and Wennmohs, Frank and Grimme, Stefan},
journal = {Accounts Chem. Res.},
language = {EN},
number = {5},
pages = {641--648},
publisher = {American Chemical Society},
title = {{Accurate Theoretical Chemistry with Coupled Pair Models}},
volume = {42},
year = {2009}
}
@article{Kollmar:2010p2449,
author = {Kollmar, Christian and Neese, Frank},
isbn = {Molecular Physics, Vol. 108, Nos. 19-20, 10–20 October 2010, pp. 2449–2458},
journal = {Mol. Phys.},
language = {en},
number = {19-20},
pages = {2449--2458},
publisher = {Taylor & Francis Group},
title = {{The Coupled Electron Pair Approximation: Variational Formulation and Spin Adaptation}},
volume = {108},
year = {2010}
}
@article{Wennmohs:2008p217,
author = {Wennmohs, Frank and Neese, Frank},
journal = {Chem. Phys.},
number = {2},
pages = {217--230},
title = {{A Comparative Study of Single Reference Correlation Methods of the Coupled-Pair Type}},
volume = {343},
year = {2008}
}
@article{Ahlrichs:1979p31,
author = {Ahlrichs, Reinhart},
journal = {Comput. Phys. Commun.},
number = {1},
pages = {31--45},
title = {{Many Body Perturbation Calculations and Coupled Electron Pair Models}},
volume = {17},
year = {1979}
}
@article{Koch:1981p387,
author = {Koch, Sigurd and Kutzelnigg, Werner},
journal = {Theor. Chim. Acta},
number = {4},
pages = {387--411},
title = {{Comparison of CEPA and CP-MET Methods}},
volume = {59},
year = {1981}
}
@article{Cizek:1966p4256,
author = {{\v{C}}{\'{i}}{\v{z}}ek, Jiř{\'{i}}},
journal = {J. Chem. Phys.},
number = {11},
pages = {4256--4266},
title = {{On the Correlation Problem in Atomic and Molecular Systems}},
volume = {45},
year = {1966}
}
@article{Nooijen:2005p2277,
author = {Nooijen, Marcel and Shamasundar, K R and Mukherjee, Debashis},
journal = {Mol. Phys.},
number = {15-16},
pages = {2277--2298},
title = {{Reflections on Size-Extensivity, Size-Consistency and Generalized Extensivity in Many-Body Theory}},
volume = {103},
year = {2005}
}
@article{Bozkaya:2013p054104,
author = {Bozkaya, Uğur and Sherrill, C David},
journal = {J. Chem. Phys.},
number = {5},
pages = {054104},
title = {{Orbital-Optimized Coupled-Electron Pair Theory and Its Analytic Gradients}},
volume = {139},
year = {2013}
}
@article{Kelly:1964pA1450,
author = {Kelly, Hugh P},
journal = {Phys. Rev. A},
number = {6},
pages = {1450--1453},
publisher = {American Physical Society},
shorttitle = {Phys. Rev.},
title = {{Correlation Effects in Many Fermion Systems II: Linked Clusters}},
volume = {134},
year = {1964}
}
@article{Smith:1968p309,
author = {Smith, Vedene H and Kutzelnigg, Werner},
journal = {Ark. Fys.},
number = {16},
pages = {309--315},
title = {{Approximation by a Single Slater Determinant}},
volume = {38},
year = {1968}
}
@article{Sokolov:2013p204110,
author = {Sokolov, Alexander Yu and Schaefer, Henry F},
journal = {J. Chem. Phys.},
number = {20},
pages = {204110},
title = {{Orbital-Optimized Density Cumulant Functional Theory}},
volume = {139},
year = {2013}
}
@article{Kutzelnigg:2006p171101,
author = {Kutzelnigg, Werner},
journal = {J. Chem. Phys.},
number = {17},
pages = {171101},
title = {{Density-Cumulant Functional Theory}},
volume = {125},
year = {2006}
}
@article{Lowdin:1955p1474,
author = {L{\"{o}}wdin, Per Olov},
journal = {Phys. Rev.},
number = {6},
pages = {1474--1489},
title = {{Quantum Theory of Many-particle Systems I: Physical Interpretations by Means of Density Matrices, Natural Spin-orbitals, and Convergence Problems in the Method of Configurational Interaction}},
volume = {97},
year = {1955}
}
@article{Hanauer:2012p50,
author = {Hanauer, Matthias and K{\"{o}}hn, Andreas},
journal = {Chem. Phys.},
pages = {50--61},
publisher = {Elsevier B.V.},
title = {{Meaning and Magnitude of the Reduced Density Matrix Cumulants}},
volume = {401},
year = {2012}
}
@article{Sokolov:2012p054105,
author = {Sokolov, Alexander Yu and Wilke, Jeremiah J and Simmonett, Andrew C and Schaefer, Henry F},
journal = {J. Chem. Phys.},
number = {5},
pages = {054105},
title = {{Analytic Gradients for Density Cumulant Functional Theory: The DCFT-06 Model}},
volume = {137},
year = {2012}
}
@article{Sokolov:2013p024107,
author = {Sokolov, Alexander Yu and Simmonett, Andrew C and Schaefer, Henry F},
journal = {J. Chem. Phys.},
number = {2},
pages = {024107},
title = {{Density Cumulant Functional Theory: The DC-12 Method, an Improved Description of the One-Particle Density Matrix}},
volume = {138},
year = {2013}
}
@article{Simmonett:2010p174122,
author = {Simmonett, Andrew C and Wilke, Jeremiah J and Schaefer, Henry F and Kutzelnigg, Werner},
journal = {J. Chem. Phys.},
number = {17},
pages = {174122},
title = {{Density Cumulant Functional Theory: First Implementation and Benchmark Results for the DCFT-06 Model}},
volume = {133},
year = {2010}
}
@article{Kutzelnigg:1999p2800,
author = {Kutzelnigg, Werner and Mukherjee, Debashis},
journal = {J. Chem. Phys.},
number = {6},
pages = {2800--2809},
title = {{Cumulant Expansion of the Reduced Density Matrices}},
volume = {110},
year = {1999}
}
@article{Kutzelnigg1997,
author = {Kutzelnigg, Werner and Mukherjee, D},
journal = {The Journal of chemical physics},
number = {2},
pages = {432--449},
title = {{Normal order and extended Wick theorem for a multiconfiguration reference wave function}},
volume = {107},
year = {1997}
}
@book{Shavitt:2009,
address = {Cambridge, UK},
author = {Shavitt, Isaiah and Bartlett, Rodney J},
publisher = {Cambridge University Press},
title = {{Many-Body Methods in Chemistry and Physics}},
year = {2009}
}
@article{Coester:1958p421,
author = {Coester, Fritz},
journal = {Nucl. Phys.},
number = {0},
pages = {421--424},
title = {{Bound States of a Many-Particle System}},
volume = {7},
year = {1958}
}
@article{Coester:1960p477,
author = {Coester, Fritz and K{\"{u}}mmel, Hermann},
journal = {Nucl. Phys.},
number = {0},
pages = {477--485},
title = {{Short-Range Correlations in Nuclear Wave Functions}},
volume = {17},
year = {1960}
}
@book{Mazziotti:2007,
    address = {Hoboken, NJ},
    editor = {Mazziotti, David A.},
    publisher = {John Wiley \& Sons, Inc.},
    series = {Advances in Chemical Physics},
    title = {{Reduced-Density-Matrix Mechanics: With Application to
        Many-Electron Atoms and Molecules}},
    volume = {134},
    year = {2007}
}
