@article{Schrodinger:1926p734,
author = {Schr{\"{o}}dinger, Erwin},
journal = {Ann. Phys.},
number = {8},
pages = {734--756},
title = {{{\"{U}}ber das Verh{\"{a}}ltnis der Heisenberg-Born-Jordanschen Quantenmechanik zu der Meinem}},
volume = {384},
year = {1926}
}
@article{Schrodinger:1926p489,
author = {Schr{\"{o}}dinger, Erwin},
journal = {Ann. Phys.},
number = {6},
pages = {489--527},
title = {{Quantisierung als Eigenwertproblem}},
volume = {384},
year = {1926}
}
@article{Schrodinger:1926p361,
author = {Schr{\"{o}}dinger, Erwin},
journal = {Ann. Phys.},
number = {4},
pages = {361--376},
title = {{Quantisierung als Eigenwertproblem}},
volume = {384},
year = {1926}
}
@article{Pauli:1926p336,
author = {Pauli, Wolfgang},
journal = {Z. Phys.},
number = {5},
pages = {336--363},
title = {{{\"{U}}ber das Wasserstoffspektrum vom Standpunkt der Neuen Quantenmechanik}},
volume = {36},
year = {1926}
}
@article{Heisenberg:1925p879,
author = {Heisenberg, Werner},
journal = {Z. Phys.},
number = {1},
pages = {879--893},
title = {{{\"{U}}ber Quantentheoretische Umdeutung Kinematischer und Mechanischer Beziehungen}},
volume = {33},
year = {1925}
}
@book{Mehra:1982,
address = {New York},
author = {Mehra, Jagdish and Rechenberg, Helmut},
publisher = {Springer-Verlag},
title = {{The Formulation of Matrix Mechanics and Its Modifications, 1925-1926}},
year = {1982}
}
@article{Enz:1983p993,
author = {Enz, Charles P},
journal = {Helv. Phys. Acta},
number = {5},
pages = {993--1001},
title = {{Heisenberg's Applications of Quantum Mechanics (1926--33) or the Settling of the New Land}},
volume = {56},
year = {1983}
}
@article{Heisenberg:1926p411,
author = {Heisenberg, Werner},
journal = {Z. Phys.},
number = {6-7},
pages = {411--426},
title = {{Mehrk{\"{o}}rperproblem und Resonanz in der Quantenmechanik}},
volume = {38},
year = {1926}
}
@article{Pauli:1925p373,
author = {Pauli, Wolfgang},
journal = {Z. Phys.},
number = {1},
pages = {373--385},
title = {{{\"{U}}ber den Einflu{\ss} der Geschwindigkeitsabh{\"{a}}ngigkeit der Elektronenmasse auf den Zeemaneffekt}},
volume = {31},
year = {1925}
}
@article{Pauli:1925p756,
author = {Pauli, Wolfgang},
journal = {Z. Phys.},
number = {1},
pages = {765--783},
title = {{{\"{U}}ber den Zusammenhang des Abschlusses der Elektronengruppen im Atom Mit der Komplexstruktur der Spektren}},
volume = {31},
year = {1925}
}
@article{Uhlenbeck:1926p264,
author = {Uhlenbeck, George Eugene and Goudsmit, Samuel},
journal = {Nature},
number = {2938},
pages = {264--265},
title = {{Spinning Electrons and the Structure of Spectra}},
volume = {117},
year = {1926}
}
@article{Gerlach:1922p349,
author = {Gerlach, Walther and Stern, Otto},
journal = {Z. Phys.},
pages = {349--352},
title = {{Der Experimentelle Nachweis der Richtungsquantelung im Magnetfeld}},
volume = {9},
year = {1922}
}
@article{2005:Omarp437,
author = {Omar, Yasser},
journal = {Contemp. Phys.},
number = {6},
pages = {437--448},
title = {{Indistinguishable Particles in Quantum Mechanics: An Introduction}},
volume = {46},
year = {2005}
}
@article{Bose:1924p178,
author = {Bose, Satyendra Nath},
journal = {Z. Phys.},
number = {1},
pages = {178--181},
title = {{Plancks Gesetz und Lichtquantenhypothese}},
volume = {26},
year = {1924}
}
@article{Einstein:1924p261,
author = {Einstein, Albert},
journal = {Sitzber. Preuss. Akad.},
pages = {261--267},
title = {{Quantentheorie des Einatomigen Idealen Gases}},
volume = {22},
year = {1924}
}
@article{Einstein:1925p3,
author = {Einstein, Albert},
journal = {Sitzber. Preuss. Akad.},
pages = {3--14},
title = {{Quantentheorie des Einatomigen Idealen Gases}},
volume = {1},
year = {1925}
}
@article{Uhlenbeck:1925p953,
author = {Uhlenbeck, George Eugene and Goudsmit, Samuel},
journal = {Naturwissenschaften},
number = {47},
pages = {953--954},
title = {{Ersetzung der Hypothese vom Unmechanischen Zwang durch Eine
    Forderung Bez{\"{u}}glich des Inneren Verhaltens Jedes Einzelnen
        Elektrons}},
year = {1925}
}
