@misc{MN-Database,
author = {Lynch, Benjamin J and Zhao, Yan and Truhlar, Donald G},
title = {{The Minnesota Databases for Chemistry and Solid-State Physics}},
url = {http://comp.chem.umn.edu/db/}
}
