@article{Hirao:1992p374,
author = {Hirao, Kimihiko},
journal = {Chem. Phys. Lett.},
number = {3-4},
pages = {374--380},
title = {{Multireference M{\o}ller-Plesset Method}},
volume = {190},
year = {1992}
}
@article{Dreuw:2014p82,
author = {Dreuw, Andreas and Wormit, Michael},
journal = {WIREs Comput. Mol. Sci.},
number = {1},
pages = {82--95},
title = {{The Algebraic Diagrammatic Construction Scheme for the Polarization Propagator for the Calculation of Excited States}},
volume = {5},
year = {2014}
}
@article{Moszynski:2005p1109,
author = {Moszynski, Robert and {\.{Z}}uchowski, Piotr S and Jeziorski, Bogumil},
journal = {Collect. Czech. Chem. Commun.},
number = {8},
pages = {1109--1132},
title = {{Time-Independent Coupled-Cluster Theory of the Polarization Propagator}},
volume = {70},
year = {2005}
}
@article{Finley:1998p299,
author = {Finley, James P and Malmqvist, Per {\AA}ke and Roos, Bj{\"{o}}rn O and Serrano-Andr{\'{e}}s, Luis},
journal = {Chem. Phys. Lett.},
number = {2-4},
pages = {299--306},
title = {{The Multi-State CASPT2 Method}},
volume = {288},
year = {1998}
}
@article{Angeli:2001p10252,
author = {Angeli, Celestino and Cimiraglia, R and Evangelisti, Stefano and Leininger, T and Malrieu, Jean-Paul},
journal = {J. Chem. Phys.},
number = {23},
pages = {10252--10264},
title = {{Introduction of n-Electron Valence States for Multireference Perturbation Theory}},
volume = {114},
year = {2001}
}
@article{Nakatsuji:1978p2053,
author = {Nakatsuji, Hiroshi and Hirao, Kimihiko},
journal = {J. Chem. Phys.},
number = {5},
pages = {2053--2065},
title = {{Cluster Expansion of the Wavefunction. Symmetry-Adapted-Cluster Expansion, its Variational Determination, and Dxtension of Open-Shell Orbital Theory}},
volume = {68},
year = {1978}
}
@article{Mahapatra:1998p157,
author = {Mahapatra, Uttam Sinha and Datta, Barnali and Mukherjee, Debashis},
journal = {Mol. Phys.},
number = {1},
pages = {157--171},
title = {{A State-Specific Multi-Reference Coupled Cluster Formalism with Molecular Applications}},
volume = {94},
year = {1998}
}
@article{Hirao:1992p397,
author = {Hirao, Kimihiko},
journal = {Chemical physics letters},
number = {5},
pages = {397--403},
title = {{Multireference M{\o}ller-Plesset Perturbation Theory for High-Spin Open-Shell Systems}},
volume = {196},
year = {1992}
}
@article{Nooijen:1997p6441,
author = {Nooijen, Marcel and Bartlett, Rodney J},
journal = {J. Chem. Phys.},
number = {15},
pages = {6441--6448},
title = {{A New Method for Excited States: Similarity Transformed Equation-of-Motion Coupled-Cluster Theory}},
volume = {106},
year = {1997}
}
@article{Koch:1990p3333,
author = {Koch, Henrik and J{\o}rgensen, Poul},
journal = {J. Chem. Phys.},
number = {5},
pages = {3333--3344},
title = {{Coupled Cluster Response Functions}},
volume = {93},
year = {1990}
}
@article{Pittner:2003p10876,
author = {Pittner, Ji≈ô{\'{i}}},
journal = {J. Chem. Phys.},
number = {24},
pages = {10876},
title = {{Continuous Transition between Brillouin-Wigner and Rayleigh-Schr{\"{o}}dinger Perturbation Theory, Generalized Bloch Equation, and Hilbert Space Multireference Coupled Cluster}},
volume = {118},
year = {2003}
}
@article{Siegbahn:1980p1647,
author = {Siegbahn, Per E M},
journal = {J. Chem. Phys.},
number = {3},
pages = {1647},
title = {{Generalizations of the Direct CI Method Based on the Graphical Unitary Group Approach. II. Single and Double Replacements from Any Set of Reference Configurations}},
volume = {72},
year = {1980}
}
@article{Evangelista:2007p024102,
author = {Evangelista, Francesco A and Allen, Wesley D and Schaefer, Henry F},
journal = {J. Chem. Phys.},
number = {2},
pages = {24102},
title = {{Coupling Term Derivation and General Implementation of State-Specific Multireference Coupled Cluster Theories}},
volume = {127},
year = {2007}
}
@article{Nooijen:2014p081102,
author = {Nooijen, Marcel and Demel, Ondrej and Datta, Dipayan and Kong, Liguo and Shamasundar, K R and Lotrich, V and Huntington, Lee M and Neese, Frank},
journal = {J. Chem. Phys.},
number = {8},
pages = {81102},
title = {{Communication: Multireference Equation of Motion Coupled Cluster: A Transform and Diagonalize Approach to Electronic Structure}},
volume = {140},
year = {2014}
}
@article{Andersson:1992p1218,
author = {Andersson, Kerstin and Malmqvist, Per {\AA}ke and Roos, Bj{\"{o}}rn O},
journal = {J. Chem. Phys.},
number = {2},
pages = {1218--1226},
title = {{Second-Order Perturbation Theory with a Complete Active Space Self-Consistent Field Reference Function}},
volume = {96},
year = {1992}
}
@article{Nooijen:1997p6812,
author = {Nooijen, Marcel and Bartlett, Rodney J},
journal = {J. Chem. Phys.},
number = {17},
pages = {6812--6830},
title = {{Similarity Transformed Equation-of-Motion Coupled-Cluster Theory: Details, Examples, and Comparisons}},
volume = {107},
year = {1997}
}
@article{Angeli:2001p297,
author = {Angeli, Celestino and Cimiraglia, Renzo and Malrieu, Jean-Paul},
journal = {Chem. Phys. Lett.},
number = {3-4},
pages = {297--305},
title = {{N-Electron Valence State Perturbation Theory: A Fast Implementation of the Strongly Contracted Variant}},
volume = {350},
year = {2001}
}
@article{Sokolov:2014p074111,
author = {Sokolov, Alexander Yu and Schaefer, Henry F and Kutzelnigg, Werner},
journal = {J. Chem. Phys.},
number = {7},
pages = {74111},
title = {{Density Cumulant Functional Theory from a Unitary Transformation: N-Representability, Three-Particle correlation effects, and application to O4+}},
volume = {141},
year = {2014}
}
@article{Kutzelnigg:1991p349,
author = {Kutzelnigg, Werner},
journal = {Theor. Chim. Acta},
number = {4-5},
pages = {349--386},
title = {{Error Analysis and Improvements of Coupled-Cluster Theory}},
volume = {80},
year = {1991}
}
@article{Cooper:2010p234102,
author = {Cooper, Bridgette and Knowles, Peter J},
journal = {J. Chem. Phys.},
number = {23},
pages = {234102},
title = {{Benchmark Studies of Variational, Unitary and Extended Coupled Cluster Methods}},
volume = {133},
year = {2010}
}
@article{DePrince:2007p042501,
author = {DePrince, A Eugene and Mazziotti, David A},
journal = {Phys. Rev. A},
number = {4},
pages = {42501},
title = {{Parametric Approach to Variational Two-Electron Reduced-Density-Matrix Theory}},
volume = {76},
year = {2007}
}
@article{Mazziotti:2006p143002,
author = {Mazziotti, David A},
journal = {Phys. Rev. Lett.},
number = {14},
pages = {143002},
title = {{Anti-Hermitian Contracted Schr{\"{o}}dinger Equation: Direct Determination of the Two-Electron Reduced Density Matrices of Many-Electron Molecules}},
volume = {97},
year = {2006}
}
@article{Stanton:1994p8938,
author = {Stanton, John F and Gauss, J{\"{u}}rgen},
journal = {J. Chem. Phys.},
number = {10},
pages = {8938--8944},
title = {{Analytic Energy Derivatives for Ionized States Described by the Equation-of-Motion Coupled Cluster Method}},
volume = {101},
year = {1994}
}
@article{Stanton:1994p4695,
author = {Stanton, John F and Gauss, J{\"{u}}rgen},
journal = {J. Chem. Phys.},
number = {6},
pages = {4695--4698},
title = {{Analytic Energy Gradients for the Equation-of-Motion Coupled-Cluster Method: Implementation and Application to the HCN/HNC System}},
volume = {100},
year = {1994}
}
@article{Korona:2010p14977,
author = {Korona, Tatiana},
journal = {Phys. Chem. Chem. Phys.},
number = {45},
pages = {14977--14984},
title = {{XCC2 - A New Coupled Cluster Model for the Second-Order Polarization Propagator}},
volume = {12},
year = {2010}
}
@incollection{Ziesche:2000p33,
address = {Boston, MA},
author = {Ziesche, Paul},
booktitle = {Many-Electron Densities and Reduced Density Matrices},
editor = {Cioslowski, Jerzy},
pages = {33--56},
publisher = {Springer US},
title = {{Cumulant Expansions of Reduced Densities, Deduced Density Matrices, and Green's Functions}},
year = {2000}
}
@article{Schirmer:2004p11449,
author = {Schirmer, J and Trofimov, A B},
journal = {J. Chem. Phys.},
number = {24},
pages = {11449--11464},
title = {{Intermediate State Representation Approach to Physical Properties of Electronically Excited Molecules}},
volume = {120},
year = {2004}
}
@article{VanVoorhis:2000p8873,
author = {{Van Voorhis}, Troy and Head-Gordon, Martin},
journal = {J. Chem. Phys.},
number = {20},
pages = {8873},
title = {{Benchmark Variational Coupled Cluster Doubles Results}},
volume = {113},
year = {2000}
}
@article{Bartlett:1989p133,
author = {Bartlett, Rodney J and Kucharski, Stanislaw A and Noga, Jozef},
journal = {Chem. Phys. Lett.},
number = {1},
pages = {133--140},
title = {{Alternative Coupled-Cluster Ans{\"{a}}tze II. The Unitary Coupled-Cluster Method}},
volume = {155},
year = {1989}
}
@article{Colmenero:1993p979,
author = {Colmenero, F and Valdemoro, C},
journal = {Phys. Rev. A},
number = {2},
pages = {979--985},
title = {{Approximating q-Order Reduced Density Matrices in Terms of the Lower-Order Ones. II. Applications}},
volume = {47},
year = {1993}
}
@article{Kats:2011p062503,
author = {Kats, Daniel and Usvyat, Denis and Sch{\"{u}}tz, Martin},
journal = {Phys. Rev. A},
number = {6},
pages = {62503},
title = {{Second-Order Variational Coupled-Cluster Linear-Response Method: A Hermitian Time-Dependent Theory}},
volume = {83},
year = {2011}
}
@article{Walz:2012p052519,
author = {W{\"{a}}lz, Gero and Kats, Daniel and Usvyat, Denis and Korona, Tatiana and Sch{\"{u}}tz, Martin},
journal = {Phys. Rev. A},
number = {5},
pages = {52519},
title = {{Application of Hermitian Time-Dependent Coupled-Cluster Response Ans{\"{a}}tze of Second Order to Excitation Energies and Frequency-Dependent Dipole Polarizabilities}},
volume = {86},
year = {2012}
}
@article{Salter:1989p1752,
author = {Salter, E A and Trucks, Gary W and Bartlett, Rodney J},
journal = {J. Chem. Phys.},
number = {3},
pages = {1752--1766},
title = {{Analytic Energy Derivatives in Many-Body Methods. I. First Ferivatives}},
volume = {90},
year = {1989}
}
@article{Evangelista:2011p114102,
author = {Evangelista, Francesco A and Gauss, J{\"{u}}rgen},
journal = {J. Chem. Phys.},
number = {11},
pages = {114102},
title = {{An Orbital-Invariant Internally Contracted Multireference Coupled Cluster Approach}},
volume = {134},
year = {2011}
}
@article{Gauss:1991p2623,
author = {Gauss, J{\"{u}}rgen and Stanton, John F and Bartlett, Rodney J},
journal = {J. Chem. Phys.},
number = {4},
pages = {2623},
title = {{Coupled-Cluster Open-Shell Analytic Gradients: Implementation of the Direct Product Decomposition Approach in Energy Gradient Calculations}},
volume = {95},
year = {1991}
}
@article{Scheiner:1987p5361,
author = {Scheiner, Andrew C and Scuseria, Gustavo E and Rice, Julia E and Lee, Timothy J and Schaefer, Henry F},
journal = {J. Chem. Phys.},
number = {9},
pages = {5361--5373},
title = {{Analytic Evaluation of Energy Gradients for the Single and Double Excitation Coupled Cluster (CCSD) Wave Function: Theory and Application}},
volume = {87},
year = {1987}
}
@article{Comeau:1993p414,
author = {Comeau, Donald C and Bartlett, Rodney J},
journal = {Chem. Phys. Lett.},
number = {4-6},
pages = {414--423},
title = {{The Equation-of-Motion Coupled-Cluster Method. Applications to Open- and Closed-Shell Reference States}},
volume = {207},
year = {1993}
}
@article{Werner:1988p5803,
author = {Werner, Hans-Joachim and Knowles, Peter J},
journal = {J. Chem. Phys.},
number = {9},
pages = {5803--5814},
title = {{An Efficient Internally Contracted Multiconfiguration-Reference Configuration Interaction Method}},
volume = {89},
year = {1988}
}
@article{Geertsen:1989p57,
author = {Geertsen, Jan and Rittby, Magnus and Bartlett, Rodney J},
journal = {Chem. Phys. Lett.},
number = {1},
pages = {57--62},
title = {{The Equation-of-Motion Coupled-Cluster Method: Excitation Energies of Be and CO}},
volume = {164},
year = {1989}
}
@article{Taube:2006p3393,
author = {Taube, Andrew G and Bartlett, Rodney J},
journal = {Int. J. Quantum Chem.},
number = {15},
pages = {3393--3401},
title = {{New Perspectives on Unitary Coupled-Cluster Theory}},
volume = {106},
year = {2006}
}
@book{Fulde:1991,
address = {Berlin},
author = {Fulde, Peter},
publisher = {Springer},
title = {{Electron Correlations in Molecules and Solids}},
year = {1991}
}
@article{Harbach:2014p064113,
author = {Harbach, Philipp H P and Wormit, Michael and Dreuw, Andreas},
journal = {J. Chem. Phys.},
pages = {64113},
title = {{The Third-Order Algebraic Diagrammatic Construction Method (ADC(3)) for the Polarization Propagator for Closed-Shell Molecules: Efficient Implementation and Benchmarking}},
volume = {141},
year = {2014}
}
@article{Schirmer:1991p4647,
author = {Schirmer, J},
journal = {Phys. Rev. A},
pages = {4647},
title = {{Closed-Form Intermediate Representations of Many-Body Propagators and Resolvent Matrices}},
volume = {43},
year = {1991}
}
@article{Mukherjee:1977p955,
author = {Mukherjee, Debashis and Moitra, Raj Kumar and Mukhopadhyay, Atri},
journal = {Mol. Phys.},
number = {4},
pages = {955--969},
title = {{Applications of a Non-Perturbative Many-Body Formalism to General Open-Shell Atomic and Molecular Problems: Calculation of the Ground and the Lowest n-n* Singlet and Triplet Energies and the First Ionization Potential of Trans-Butadiene}},
volume = {33},
year = {1977}
}
@article{Wolinski:1987p225,
author = {Wolinski, Krzysztof and Sellers, Harrell L and Pulay, Peter},
journal = {Chem. Phys. Lett.},
number = {3},
pages = {225--231},
title = {{Consistent Generalization of the M{\o}ller-Plesset Partitioning to Open-Shell and Multiconfigurational SCF Reference States in Many-Body Perturbation Theory}},
volume = {140},
year = {1987}
}
@article{Kjonstad:2017p4801,
author = {Kj{\o}nstad, Eirik F and Koch, Henrik},
journal = {J. Phys. Chem. Lett.},
number = {19},
pages = {4801--4807},
title = {{Resolving the Notorious Case of Conical Intersections for Coupled Cluster Dynamics}},
volume = {8},
year = {2017}
}
@article{Sherrill:1999p143,
author = {Sherrill, C David and Schaefer, Henry F},
journal = {Adv. Quant. Chem.},
pages = {143--269},
title = {{The Configuration Interaction Method: Advances in Highly Correlated Approaches}},
volume = {34},
year = {1999}
}
@article{Koch:1990p3345,
author = {Koch, Henrik and Jensen, Hans J{\o}rgen Aagaard and J{\o}rgensen, Poul and Helgaker, Trygve},
journal = {J. Chem. Phys.},
number = {5},
pages = {3345--3350},
title = {{Excitation Energies from the Coupled Cluster Singles and Doubles Linear Response Function (CCSDLR). Applications to Be, CH+, CO, and H2O}},
volume = {93},
year = {1990}
}
@article{Andersson:1990p5483,
author = {Andersson, Kerstin and Malmqvist, Per {\AA}ke and Roos, Bj{\"{o}}rn O and Sadlej, Andrzej J and Wolinski, Krzysztof},
journal = {J. Phys. Chem.},
number = {14},
pages = {5483--5488},
title = {{Second-Order Perturbation Theory with a CASSCF Reference Function}},
volume = {94},
year = {1990}
}
@article{Lindgren:1978p33,
author = {Lindgren, Ingvar},
journal = {Int. J. Quantum Chem.},
number = {S12},
pages = {33--58},
title = {{A Coupled-Cluster Approach to the Many-Body Perturbation Theory for Open-Shell Systems}},
volume = {14},
year = {1978}
}
@article{Nakatsuji:1979p329,
author = {Nakatsuji, Hiroshi},
journal = {Chem. Phys. Lett.},
number = {2-3},
pages = {329--333},
title = {{Cluster Expansion of the Wavefunction. Electron Correlations in Ground and Excited States by SAC (Symmetry-Adapted-Cluster) and SAC CI Theories}},
volume = {67},
year = {1979}
}
@article{Sekino:1984p255,
author = {Sekino, Hideo and Bartlett, Rodney J},
journal = {Int. J. Quantum Chem.},
number = {S18},
pages = {255--265},
title = {{A Linear Response, Coupled-Cluster Theory for Excitation Energy}},
volume = {26},
year = {1984}
}
@article{Jeziorski:1981p1668,
author = {Jeziorski, Bogumil and Monkhorst, Hendrik J},
journal = {Phys. Rev. A},
number = {4},
pages = {1668--1681},
title = {{Coupled-Cluster Method for Multideterminantal Reference States}},
volume = {24},
year = {1981}
}
@article{Mahapatra:1999p6171,
author = {Mahapatra, Uttam Sinha and Datta, Barnali and Mukherjee, Debashis},
journal = {J. Chem. Phys.},
number = {13},
pages = {6171},
title = {{A Size-Consistent State-Specific Multireference Coupled Cluster Theory: Formal Developments and Molecular Applications}},
volume = {110},
year = {1999}
}
@article{Kutzelnigg:1998p65,
author = {Kutzelnigg, Werner},
journal = {Mol. Phys.},
number = {1},
pages = {65--71},
title = {{Almost Variational Coupled Cluster Theory}},
volume = {94},
year = {1998}
}
@article{Kong:2011p214109,
author = {Kong, Liguo and Valeev, Edward F},
journal = {J. Chem. Phys.},
number = {21},
pages = {214109},
title = {{A Novel Interpretation of Reduced Density Matrix and Cumulant for Electronic Structure Theories}},
volume = {134},
year = {2011}
}
@article{Schirmer:1982p2395,
author = {Schirmer, J},
journal = {Phys. Rev. A},
number = {5},
pages = {2395--2416},
title = {{Beyond the Random-Phase Approximation: A New Approximation Scheme for the Polarization Propagator}},
volume = {26},
year = {1982}
}
@article{Levchenko:2005p224106,
author = {Levchenko, Sergey V and Wang, Tao and Krylov, Anna I},
journal = {J. Chem. Phys.},
number = {22},
pages = {224106},
title = {{Analytic Gradients for the Spin-Conserving and Spin-Flipping Equation-of-Motion Coupled-Cluster Models with Single and Double Substitutions}},
volume = {122},
year = {2005}
}
@article{Watts:1989p359,
author = {Watts, John D and Trucks, G W and Bartlett, Rodney J},
journal = {Chem. Phys. Lett.},
number = {4},
pages = {359--366},
title = {{The Unitary Coupled-Cluster Approach and Molecular Properties. Applications of the UCC(4) Method}},
volume = {157},
year = {1989}
}
@article{Gauss:1991p207,
author = {Gauss, J{\"{u}}rgen and Lauderdale, Walter J and Stanton, John F and Watts, John D and Bartlett, Rodney J},
journal = {Chem. Phys. Lett.},
number = {3-4},
pages = {207--215},
title = {{Analytic Energy Gradients for Open-Shell Coupled-Cluster Singles and Doubles (CCSD) Calculations Using Restricted Open-Shell Hartree-Fock (ROHF) Reference Functions}},
volume = {182},
year = {1991}
}
@article{Wang:2016p4833,
author = {Wang, Xiao and Sokolov, Alexander Yu and Turney, Justin M and Schaefer, Henry F},
journal = {J. Chem. Theory Comput.},
number = {10},
pages = {4833--4842},
title = {{Spin-Adapted Formulation and Implementation of Density Cumulant Functional Theory with Density-Fitting Approximation: Application to Transition Metal Compounds}},
volume = {12},
year = {2016}
}
@article{Moszynski:1994jd,
author = {Moszynski, Robert and Cybulski, Sl awomir M and Chal asi{\'{n}}ski, Grzegorz},
journal = {J. Chem. Phys.},
number = {7},
pages = {4998--5010},
title = {{Many-body Theory of Intermolecular Induction Interactions}},
volume = {100},
year = {1994}
}
@article{Kollmar:2006p084108,
author = {Kollmar, Christian},
journal = {J. Chem. Phys.},
number = {8},
pages = {84108},
title = {{A Size Extensive Energy Functional Derived from a Double Configuration Interaction Approach: The Role of N Representability Conditions}},
volume = {125},
year = {2006}
}
@article{Stanton:1993p8840,
author = {Stanton, John F},
journal = {J. Chem. Phys.},
number = {11},
pages = {8840--8847},
title = {{Many-body Methods for Excited State Potential Energy Surfaces. I. General Theory of Energy Gradients for the Equation-of-Motion Coupled-Cluster Method}},
volume = {99},
year = {1993}
}
@article{Kutzelnigg:1982p3081,
author = {Kutzelnigg, Werner},
journal = {J. Chem. Phys.},
number = {6},
pages = {3081--3097},
title = {{Quantum Chemistry in Fock Space. I. The Universal Wave and Energy Operators}},
volume = {77},
year = {1982}
}
@article{DePrince:2016p164109,
author = {DePrince, A Eugene},
journal = {J. Chem. Phys.},
number = {16},
pages = {164109},
title = {{Variational Optimization of the Two-Electron Reduced-Density Matrix Under Pure-State N-Representability Conditions}},
volume = {145},
year = {2016}
}
@article{Nakatsuji:1996p1039,
author = {Nakatsuji, Hiroshi and Yasuda, Koji},
journal = {Phys. Rev. Lett.},
number = {7},
pages = {1039--1042},
title = {{Direct Determination of the Quantum-Mechanical Density Matrix Using the Density Equation}},
volume = {76},
year = {1996}
}
@article{Ziesche:1992p597,
author = {Ziesche, Paul},
journal = {Solid State Commun},
number = {8},
pages = {597--602},
title = {{Definition of Exchange Based on Cumulant Expansion: Correlation Induced Narrowing of the Exchange Hole}},
volume = {82},
year = {1992}
}
@article{Knowles:1985p259,
author = {Knowles, Peter J and Werner, Hans-Joachim},
journal = {Chem. Phys. Lett.},
number = {3},
pages = {259--267},
title = {{An Efficient Second-Order MC SCF Method for Long Configuration Expansions}},
volume = {115},
year = {1985}
}
@article{Datta:2011p214116,
author = {Datta, Dipayan and Kong, Liguo and Nooijen, Marcel},
journal = {J. Chem. Phys.},
number = {21},
pages = {214116--214119},
title = {{A State-Specific Partially Internally Contracted Multireference Coupled Cluster Approach}},
volume = {134},
year = {2011}
}
@article{Foresman:1992p135,
author = {Foresman, James B and Head-Gordon, Martin and Pople, John A and Frisch, Michael J},
journal = {J. Phys. Chem.},
number = {1},
pages = {135--149},
title = {{Toward a Systematic Molecular Orbital Theory for Excited States}},
volume = {96},
year = {1992}
}
@article{Werner:1996p645,
author = {Werner, Hans-Joachim},
journal = {Mol. Phys.},
number = {2},
pages = {645--661},
title = {{Third-Order Multireference Perturbation Theory. The CASPT3 Method}},
volume = {89},
year = {1996}
}
@article{Kohn:2013p176,
author = {K{\"{o}}hn, Andreas and Hanauer, Matthias and M{\"{u}}ck, Leonie Anna and Jagau, Thomas-Christian and Gauss, J{\"{u}}rgen},
journal = {Wiley Interdiscip. Rev.: Comput. Mol. Sci.},
number = {2},
pages = {176--197},
title = {{State-Specific Multireference Coupled-Cluster Theory}},
volume = {3},
year = {2013}
}
@article{Copan:2014p2389,
author = {Copan, Andreas V and Sokolov, Alexander Yu and Schaefer, Henry F},
journal = {J. Chem. Theory Comput.},
number = {6},
pages = {2389--2398},
title = {{Benchmark Study of Density Cumulant Functional Theory: Thermochemistry and Kinetics}},
volume = {10},
year = {2014}
}
@article{Mullinax:2015p2487,
author = {Mullinax, J Wayne and Sokolov, Alexander Yu and Schaefer, Henry F},
journal = {J. Chem. Theory Comput.},
number = {6},
pages = {2487--2495},
title = {{Can Density Cumulant Functional Theory Describe Static Correlation Effects}},
volume = {11},
year = {2015}
}
@article{Stanton:1993p7029,
author = {Stanton, John F and Bartlett, Rodney J},
journal = {J. Chem. Phys.},
number = {9},
pages = {7029--7039},
title = {{The Equation of Motion Coupled-Cluster Method. A Systematic Biorthogonal Approach to Molecular Excitation Energies, Transition Probabilities, and Excited State Properties}},
volume = {98},
year = {1993}
}
@article{Werner:1985p5053,
author = {Werner, Hans-Joachim and Knowles, Peter J},
journal = {J. Chem. Phys.},
number = {11},
pages = {5053},
title = {{A Second Order Multiconfiguration SCF Procedure with Optimum Convergence}},
volume = {82},
year = {1985}
}
@article{Krylov:2008p433,
author = {Krylov, Anna I},
journal = {Annu. Rev. Phys. Chem.},
pages = {433--462},
title = {{Equation-of-Motion Coupled-Cluster Methods for Open-Shell and Electronically Excited Species: The Hitchhiker's Guide to Fock Space}},
volume = {59},
year = {2008}
}
@article{Copan:2014p2389,
author = {Copan, Andreas V and Sokolov, Alexander Yu and Schaefer, Henry F},
journal = {J. Chem. Theory Comput.},
number = {6},
pages = {2389--2398},
title = {{Benchmark Study of Density Cumulant Functional Theory: Thermochemistry and Kinetics}},
volume = {10},
year = {2014}
}
@article{Chatterjee2012,
author = {Chatterjee, Koushik and Pernal, Katarzyna},
journal = {J. Chem. Phys.},
number = {20},
pages = {204109},
title = {{Excitation Energies from Extended Random Phase Approximation Employed with Approximate One- and Two-Electron Reduced Density Matrices}},
volume = {137},
year = {2012}
}
@article{Schipper:2000p1344,
author = {Schipper, P R T and Gritsenko, O V and {Van Gisbergen}, S J A and Baerends, E J},
issn = {00219606},
journal = {J. Chem. Phys.},
number = {3},
pages = {1344--1352},
title = {{Molecular Calculations of Excitation Energies and (Hyper)Polarizabilities with a Statistical Average of Orbital Model Exchange-Correlation Potentials}},
volume = {112},
year = {2000}
}
@article{Kristensen:2009p044112,
author = {Kristensen, Kasper and Kauczor, Joanna and Kj{\ae}rgaard, Thomas and J{\o}rgensen, Poul},
journal = {J. Chem. Phys.},
number = {4},
pages = {044112},
title = {{Quasienergy Formulation of Damped Response Theory}},
volume = {131},
year = {2009}
}
@techreport{Liu:1978p49,
address = {Berkeley, CA, USA},
author = {Liu, Bowen},
booktitle = {Numerical Algorithms in Chemistry: Algebraic Methods},
institution = {Lawrence Berkeley Laboratory, University of California},
pages = {49--53},
title = {{The Simultaneous Expansion Method for the Iterative Solution of Several of the Lowest-Lying Eigenvalues and Corresponding Eigenvectors of Large Real-Symmetric Matrices}},
year = {1978}
}
@article{Davidson:1975p87,
author = {Davidson, Ernest R},
journal = {J. Comput. Phys.},
number = {1},
pages = {87--94},
title = {{The Iterative Calculation of a Few of the Lowest Eigenvalues and Corresponding Eigenvectors of Large Real-Symmetric Matrices}},
volume = {17},
year = {1975}
}
@article{Olsen:1985p3235,
author = {Olsen, Jeppe and J{\o}rgensen, Poul},
journal = {J. Chem. Phys.},
number = {7},
pages = {3235--3264},
title = {{Linear and Nonlinear Response Functions for an Exact State and for an MCSCF State}},
volume = {82},
year = {1985}
}
@article{Norman:2011p20519,
author = {Norman, Patrick},
journal = {Phys. Chem. Chem. Phys.},
number = {46},
pages = {20519--20535},
title = {{A Perspective on Nonresonant and Resonant Electronic Response Theory for Time-Dependent Molecular Properties}},
volume = {13},
year = {2011}
}
@book{Sauer:2011,
address = {Oxford},
author = {Sauer, Stephan P A},
publisher = {Oxford University Press},
title = {{Molecular Electromagnetism: A Computational Chemistry Approach}},
year = {2011}
}
@article{Helgaker:2012p543,
author = {Helgaker, Trygve and Coriani, Sonia and J{\o}rgensen, Poul and Kristensen, Kasper and Olsen, Jeppe and Ruud, Kenneth},
journal = {Chem. Rev.},
number = {1},
pages = {543--631},
title = {{Recent Advances in Wave Function-Based Methods of Molecular-Property Calculations}},
volume = {112},
year = {2012}
}
@article{Daday:2012p4441,
author = {Daday, Csaba and Smart, Simon and Booth, George H and Alavi, Ali
    and Filippi, Claudia},
journal = {J. Chem. Theory Comput.},
number = {11},
pages = {4441--4451},
title = {{Full Configuration Interaction Excitations of Ethene and
    Butadiene: Resolution of an Ancient Question}},
volume = {8},
year = {2012}
}
@article{Widmark:1990p291,
author = {Widmark, Per-Olof and Malmqvist, Per {\AA}ke and Roos, B O O},
journal = {Theoret. Chim. Acta},
number = {5},
pages = {291--306},
title = {{Density Matrix Averaged Atomic Natural Orbital (ANO) Basis Sets
    for Correlated Molecular Wave Functions}},
volume = {77},
year = {1990}
}
@article{Zimmerman:2017p4712,
author = {Zimmerman, Paul M},
journal = {J. Phys. Chem. A},
number = {24},
pages = {4712--4720},
title = {{Singlet-Triplet Gaps through Incremental Full Configuration
    Interaction}},
volume = {121},
year = {2017}
}
@article{Parrish:2017p3185,
author = {Parrish, Robert M and Burns, Lori A and Smith, Daniel G A and Simmonett, Andrew C and DePrince, A Eugene and Hohenstein, Edward G and Bozkaya, U{\u{g}}ur and Sokolov, Alexander Yu and Di Remigio, Roberto and Richard, Ryan M and Gonthier, J{\'e}r{\^o}me F and James, Andrew M and McAlexander, Harley R and Kumar, Ashutosh and Saitow, Masaaki and Wang, Xiao and Pritchard, Benjamin P and Verma, Prakash and Schaefer, Henry F and Patkowski, Konrad and King, Rollin A and Valeev, Edward F and Evangelista, Francesco A and Turney, Justin M and Crawford, T D and Sherrill, C David},
title = {{Psi4 1.1: An Open-Source Electronic Structure Program Emphasizing Automation, Advanced Libraries, and Interoperability}},
journal = {J. Chem. Theory Comput.},
year = {2017},
volume = {13},
number = {7},
pages = {3185--3197},
}
@article{Sun:2018pe1340,
author = {Sun, Qiming and Berkelbach, Timothy C and Blunt, Nick S and Booth, George H and Guo, Sheng and Li, Zhendong and Liu, Junzi and McClain, James D and Sayfutyarova, Elvira R and Sharma, Sandeep and Wouters, Sebastian and Chan, Garnet Kin-Lic},
title = {{PySCF: The Python-Based Simulations of Chemistry Framework}},
journal = {WIREs Comput. Mol. Sci.},
year = {2018},
volume = {8},
number = {1},
pages = {e1340},
}
@article{QChem,
author = {Yihan Shao and Zhengting Gan and Evgeny Epifanovsky and Andrew T.B. Gilbert and Michael Wormit and Joerg Kussmann and Adrian W. Lange and Andrew Behn and Jia Deng and Xintian Feng and Debashree Ghosh and Matthew Goldey and Paul R. Horn and Leif D. Jacobson and Ilya Kaliman and Rustam Z. Khaliullin and Tomasz Ku≈õ and Arie Landau and Jie Liu and Emil I. Proynov and Young Min Rhee and Ryan M. Richard and Mary A. Rohrdanz and Ryan P. Steele and Eric J. Sundstrom and H. Lee Woodcock III and Paul M. Zimmerman and Dmitry Zuev and Ben Albrecht and Ethan Alguire and Brian Austin and Gregory J. O. Beran and Yves A. Bernard and Eric Berquist and Kai Brandhorst and Ksenia B. Bravaya and Shawn T. Brown and David Casanova and Chun-Min Chang and Yunqing Chen and Siu Hung Chien and Kristina D. Closser and Deborah L. Crittenden and Michael Diedenhofen and Robert A. DiStasio Jr. and Hainam Do and Anthony D. Dutoi and Richard G. Edgar and Shervin Fatehi and Laszlo Fusti-Molnar and An Ghysels and Anna Golubeva-Zadorozhnaya and Joseph Gomes and Magnus W.D. Hanson-Heine and Philipp H.P. Harbach and Andreas W. Hauser and Edward G. Hohenstein and Zachary C. Holden and Thomas-C. Jagau and Hyunjun Ji and Benjamin Kaduk and Kirill Khistyaev and Jaehoon Kim and Jihan Kim and Rollin A. King and Phil Klunzinger and Dmytro Kosenkov and Tim Kowalczyk and Caroline M. Krauter and Ka Un Lao and Ad√®le D. Laurent and Keith V. Lawler and Sergey V. Levchenko and Ching Yeh Lin and Fenglai Liu and Ester Livshits and Rohini C. Lochan and Arne Luenser and Prashant Manohar and Samuel F. Manzer and Shan-Ping Mao and Narbe Mardirossian and Aleksandr V. Marenich and Simon A. Maurer and Nicholas J. Mayhall and Eric Neuscamman and C. Melania Oana and Roberto Olivares-Amaya and Darragh P. O‚ÄôNeill and John A. Parkhill and Trilisa M. Perrine and Roberto Peverati and Alexander Prociuk and Dirk R. Rehn and Edina Rosta and Nicholas J. Russ and Shaama M. Sharada and Sandeep Sharma and David W. Small and Alexander Sodt and Tamar Stein and David St√ºck and Yu-Chuan Su and Alex J.W. Thom and Takashi Tsuchimochi and Vitalii Vanovschi and Leslie Vogt and Oleg Vydrov and Tao Wang and Mark A. Watson and Jan Wenzel and Alec White and Christopher F. Williams and Jun Yang and Sina Yeganeh and Shane R. Yost and Zhi-Qiang You and Igor Ying Zhang and Xing Zhang and Yan Zhao and Bernard R. Brooks and Garnet K.L. Chan and Daniel M. Chipman and Christopher J. Cramer and William A. Goddard III and Mark S. Gordon and Warren J. Hehre and Andreas Klamt and Henry F. Schaefer III and Michael W. Schmidt and C. David Sherrill and Donald G. Truhlar and Arieh Warshel and Xin Xu and Al√°n Aspuru-Guzik and Roi Baer and Alexis T. Bell and Nicholas A. Besley and Jeng-Da Chai and Andreas Dreuw and Barry D. Dunietz and Thomas R. Furlani and Steven R. Gwaltney and Chao-Ping Hsu and Yousung Jung and Jing Kong and Daniel S. Lambrecht and WanZhen Liang and Christian Ochsenfeld and Vitaly A. Rassolov and Lyudmila V. Slipchenko and Joseph E. Subotnik and Troy Van Voorhis and John M. Herbert and Anna I. Krylov and Peter M.W. Gill and Martin Head-Gordon},
title = {Advances in Molecular Quantum Chemistry Contained in the Q-Chem 4 Program Package},
journal = {Mol. Phys.},
volume = {113},
number = {2},
pages = {184-215},
year  = {2015},
}
@misc{MRCC,
title={MRCC, A Quantum Chemical Program Suite.},
author={M. K\'allay and Z. Rolik and J. Csontos and P. Nagy and G. Samu and D. Mester and J. Cs\'oka and B. Szab\'o and I. Ladj√°nszki and L. Szegedy and B. Lad\'oczki and K. Petrov and M. Farkas and P. D. Mezei and B. H√©gely.},
note={See also: Z. Rolik, L. Szegedy, I. Ladj\'anszki, B. Lad\'oczki, and M. K\'allay, J. Chem. Phys. 139, 094105 (2013), as well as: www.mrcc.hu.}
}
